@article{iico,
    author = "Jason Teutsch, Vitalik Buterin and Christoper Brown",
    title = "Interactive Coin Offerings",
    year = "2017",
    keywords = "ico,cryptocurrency"
}

@online{yellowpaper,
    author = "Gavin Wood",
    title = "Ethereum: A Secure Decentralized Generalized Transaction Ledger",
    url = "http://yellowpaper.io/"
}
